@article{einstein1916grundlage,
  title={{Die grundlage der allgemeinen relativit\"{a}tstheorie}},
  author={Einstein, A.},
  journal={Annalen der Physik},
  volume={354},
  number={7},
  pages={769--822},
  issn={1521-3889},
  year={1916},
  publisher={John Wiley \& Sons}
}
@article{voss2007essentials,
  title={{Essentials of General Intelligence: The Direct Path to Artificial General Intelligence}},
  author={Voss, P.},
  journal={Artificial General Intelligence},
  pages={131--157},
  year={2007},
  publisher={Springer}
}

