@article{bourque2000automated,
  title={{On the Automated Construction of Image-Based Maps}},
  author={Bourque, E. and Dudek, G.},
  journal={Autonomous Robots},
  volume={8},
  number={2},
  pages={173--190},
  issn={0929-5593},
  year={2000},
  publisher={Springer}
}
@conference{giralt1979multi,
  title={{A multi-level planning and navigation system for a mobile robot: A first approach to hilare}},
  author={Giralt, G. and Sobek, R. and Chatila, R.},
  booktitle={Proceedings of the 6th international joint conference on Artificial intelligence-Volume 1},
  pages={335--337},
  isbn={0934613478},
  year={1979},
  organization={Morgan Kaufmann Publishers Inc.}
}
@article{kuipers1991robot,
  title={{A robot exploration and mapping strategy based on a semantic hierarchy of spatial representations}},
  author={Kuipers, B. and Byun, Y.T.},
  journal={Robotics and Autonomous Systems},
  volume={8},
  number={1-2},
  pages={47--63},
  issn={0921-8890},
  year={1991},
  publisher={Elsevier}
}

